@article{garrison2020,
  title={Succint dynamic sequence graphs},
  author={Eizenga, Novak, Kobayashi, Cisar, Paten, Garrison},
  journal={GitHub repository},
  year={2020},
  publisher={GitHub}
  howpublished= {\url{https://github.com/vgteam/odgi/blob/handlegraph-docs/docs/handlegraph.md}}
}
@article{howe2020ensembl,
  title={Ensembl Genomes 2020—enabling non-vertebrate genomic research},
  author={Howe, Kevin L and Contreras-Moreira, Bruno and De Silva, Nishadi and Maslen, Gareth and Akanni, Wasiu and Allen, James and Alvarez-Jarreta, Jorge and Barba, Matthieu and Bolser, Dan M and Cambell, Lahcen and others},
  journal={Nucleic acids research},
  volume={48},
  number={D1},
  pages={D689--D695},
  year={2020},
  publisher={Oxford University Press}
}
@misc{openRefine,
  author = {Metaweb Technologies, Inc. },
  title = {Open Refine},
  year = {2012},
  publisher = {GitHub},
  journal = {GitHub repository},
  howpublished = {\url{https://github.com/OpenRefine/OpenRefine}},
  commit = {58b839b9c54c82fe3d722c9c3d6d5e4e61506e28}
}

@article{li2009sequence,
  title={The sequence alignment/map format and SAMtools},
  author={Li, Heng and Handsaker, Bob and Wysoker, Alec and Fennell, Tim and Ruan, Jue and Homer, Nils and Marth, Gabor and Abecasis, Goncalo and Durbin, Richard},
  journal={Bioinformatics},
  volume={25},
  number={16},
  pages={2078--2079},
  year={2009},
  publisher={Oxford University Press}
}
@article{li2013aligning,
  title={Aligning sequence reads, clone sequences and assembly contigs with BWA-MEM},
  author={Li, Heng},
  journal={arXiv preprint arXiv:1303.3997},
  year={2013}
}
@article{tarasov2015sambamba,
  title={Sambamba: fast processing of NGS alignment formats},
  author={Tarasov, Artem and Vilella, Albert J and Cuppen, Edwin and Nijman, Isaac J and Prins, Pjotr},
  journal={Bioinformatics},
  volume={31},
  number={12},
  pages={2032--2034},
  year={2015},
  publisher={Oxford University Press}
}
@article{garrison2012haplotype,
  title={Haplotype-based variant detection from short-read sequencing},
  author={Garrison, Erik and Marth, Gabor},
  journal={arXiv preprint arXiv:1207.3907},
  year={2020}
}
@article{rosenbloom2015ucsc,
  title={The UCSC genome browser database: 2015 update},
  author={Rosenbloom, Kate R and Armstrong, Joel and Barber, Galt P and Casper, Jonathan and Clawson, Hiram and Diekhans, Mark and Dreszer, Timothy R and Fujita, Pauline A and Guruvadoo, Luvina and Haeussler, Maximilian and others},
  journal={Nucleic acids research},
  volume={43},
  number={D1},
  pages={D670--D681},
  year={2015},
  publisher={Oxford University Press}
}
@article{tan2015unified,
  title={Unified representation of genetic variants},
  author={Tan, Adrian and Abecasis, Gon{\c{c}}alo R and Kang, Hyun Min},
  journal={Bioinformatics},
  volume={31},
  number={13},
  pages={2202--2204},
  year={2015},
  publisher={Oxford University Press}
}
@article{1000genome2015global,
  title={A global reference for human genetic variation},
  author={1000 Genomes Project Consortium and others},
  journal={Nature},
  volume={526},
  number={7571},
  pages={68--74},
  year={2015},
  publisher={Nature Publishing Group}
}
@article{vermeesch2005molecular,
  title={Molecular karyotyping: array CGH quality criteria for constitutional genetic diagnosis},
  author={Vermeesch, Joris R and Melotte, Cindy and Froyen, Guy and Van Vooren, Steven and Dutta, Binita and Maas, Nicole and Vermeulen, Stefan and Menten, Bj{\"o}rn and Speleman, Frank and De Moor, Bart and others},
  journal={Journal of Histochemistry \& Cytochemistry},
  volume={53},
  number={3},
  pages={413--422},
  year={2005},
  publisher={SAGE Publications Sage CA: Los Angeles, CA}
}
@misc{vcflib,
  author = {Garrison, Erik},
  title = {Open Refine},
  year = {2010},
  publisher = {GitHub},
  journal = {GitHub repository},
  howpublished = {\url{https://github.com/vcflib/vcflib}},
  commit = {40dbb399b5d25ae694e15755724475b274d1b8fe}
}
@Book{ggplot2,
  author = {Hadley Wickham},
  title = {ggplot2: Elegant Graphics for Data Analysis},
  publisher = {Springer-Verlag New York},
  year = {2016},
  isbn = {978-3-319-24277-4},
  url = {https://ggplot2.tidyverse.org},
}
@article{wickham2019welcome,
  title={Welcome to the Tidyverse},
  author={Wickham, Hadley and Averick, Mara and Bryan, Jennifer and Chang, Winston and McGowan, Lucy and Fran{\c{c}}ois, Romain and Grolemund, Garrett and Hayes, Alex and Henry, Lionel and Hester, Jim and others},
  journal={Journal of Open Source Software},
  volume={4},
  number={43},
  pages={1686},
  year={2019}
}
  @Manual{R,
    title = {R: A Language and Environment for Statistical Computing},
    author = {{R Core Team}},
    organization = {R Foundation for Statistical Computing},
    address = {Vienna, Austria},
    year = {2019},
    url = {https://www.R-project.org/},
  }
  @Manual{statsR,
    title = {R: A Language and Environment for Statistical Computing},
    author = {{R Core Team}},
    organization = {R Foundation for Statistical Computing},
    address = {Vienna, Austria},
    year = {2019},
    url = {https://www.R-project.org/},
  }
@article{goddijn2000genetic,
  title={Genetic aspects of miscarriage},
  author={Goddijn, M and Leschot, NJ},
  journal={BEST PRACTICE AND RESEARCH IN CLINICAL OBSTETRICS AND GYNAECOLOGY},
  volume={14},
  number={5},
  pages={855--865},
  year={2000},
  publisher={BAILLERE TINDALL}
}
@article{zhang2009genetic,
  title={Genetic analysis of first-trimester miscarriages with a combination of cytogenetic karyotyping, microsatellite genotyping and arrayCGH},
  author={Zhang, Y-X and Zhang, Y-P and Gu, Y and Guan, F-J and Li, S-L and Xie, J-S and Shen, Y and Wu, B-L and Ju, W and Jenkins, EC and others},
  journal={Clinical genetics},
  volume={75},
  number={2},
  pages={133--140},
  year={2009},
  publisher={Wiley Online Library}
}
@misc{karczewskigenome,
  title={The genome Aggregation Database (gnomAD). MacArthur Lab. 2017},
  author={Karczewski, K and Francioli, L}
}
@article{lek2016analysis,
  title={Analysis of protein-coding genetic variation in 60,706 humans},
  author={Lek, Monkol and Karczewski, Konrad J and Minikel, Eric V and Samocha, Kaitlin E and Banks, Eric and Fennell, Timothy and O’Donnell-Luria, Anne H and Ware, James S and Hill, Andrew J and Cummings, Beryl B and others},
  journal={Nature},
  volume={536},
  number={7616},
  pages={285--291},
  year={2016},
  publisher={Nature Publishing Group}
}
@article{kircher2014general,
  title={A general framework for estimating the relative pathogenicity of human genetic variants},
  author={Kircher, Martin and Witten, Daniela M and Jain, Preti and O'Roak, Brian J and Cooper, Gregory M and Shendure, Jay},
  journal={Nature genetics},
  volume={46},
  number={3},
  pages={310},
  year={2014},
  publisher={Nature Publishing Group}
}
@article{rentzsch2019cadd,
  title={CADD: predicting the deleteriousness of variants throughout the human genome},
  author={Rentzsch, Philipp and Witten, Daniela and Cooper, Gregory M and Shendure, Jay and Kircher, Martin},
  journal={Nucleic acids research},
  volume={47},
  number={D1},
  pages={D886--D894},
  year={2019},
  publisher={Oxford University Press}
}
@article{firth2011deciphering,
  title={The deciphering developmental disorders (DDD) study},
  author={Firth, Helen V and Wright, Caroline F and DDD study},
  journal={Developmental Medicine \& Child Neurology},
  volume={53},
  number={8},
  pages={702--703},
  year={2011},
  publisher={Wiley Online Library}
}
@article{firth2009decipher,
  title={DECIPHER: database of chromosomal imbalance and phenotype in humans using ensembl resources},
  author={Firth, Helen V and Richards, Shola M and Bevan, A Paul and Clayton, Stephen and Corpas, Manuel and Rajan, Diana and Van Vooren, Steven and Moreau, Yves and Pettett, Roger M and Carter, Nigel P},
  journal={The American Journal of Human Genetics},
  volume={84},
  number={4},
  pages={524--533},
  year={2009},
  publisher={Elsevier}
}
@article{blomen2015gene,
  title={Gene essentiality and synthetic lethality in haploid human cells},
  author={Blomen, Vincent A and M{\'a}jek, Peter and Jae, Lucas T and Bigenzahn, Johannes W and Nieuwenhuis, Joppe and Staring, Jacqueline and Sacco, Roberto and van Diemen, Ferdy R and Olk, Nadine and Stukalov, Alexey and others},
  journal={Science},
  volume={350},
  number={6264},
  pages={1092--1096},
  year={2015},
  publisher={American Association for the Advancement of Science}
}
@article{wang2015identification,
  title={Identification and characterization of essential genes in the human genome},
  author={Wang, Tim and Birsoy, K{\i}van{\c{c}} and Hughes, Nicholas W and Krupczak, Kevin M and Post, Yorick and Wei, Jenny J and Lander, Eric S and Sabatini, David M},
  journal={Science},
  volume={350},
  number={6264},
  pages={1096--1101},
  year={2015},
  publisher={American Association for the Advancement of Science}
}
@article{hart2015high,
  title={High-resolution CRISPR screens reveal fitness genes and genotype-specific cancer liabilities},
  author={Hart, Traver and Chandrashekhar, Megha and Aregger, Michael and Steinhart, Zachary and Brown, Kevin R and MacLeod, Graham and Mis, Monika and Zimmermann, Michal and Fradet-Turcotte, Amelie and Sun, Song and others},
  journal={Cell},
  volume={163},
  number={6},
  pages={1515--1526},
  year={2015},
  publisher={Elsevier}
}
@article{dawes2019gene,
  title={Gene discovery informatics toolkit defines candidate genes for unexplained infertility and prenatal or infantile mortality},
  author={Dawes, Ruebena and Lek, Monkol and Cooper, Sandra T},
  journal={NPJ genomic medicine},
  volume={4},
  number={1},
  pages={1--11},
  year={2019},
  publisher={Nature Publishing Group}
}
@article{laisk2019genetic,
  title={The genetic architecture of sporadic and recurrent miscarriage},
  author={Laisk, Triin and Soares, Ana Luiza G and Ferreira, Teresa and Painter, Jodie N and Laber, Samantha and Bacelis, Jonas and Chen, Chia-Yen and Lepamets, Maarja and Lin, Kuang and Liu, Siyang and others},
  journal={bioRxiv},
  pages={575167},
  year={2019},
  publisher={Cold Spring Harbor Laboratory}
}
@article{pereza2017systematic,
  title={Systematic review and meta-analysis of genetic association studies in idiopathic recurrent spontaneous abortion},
  author={Pereza, Nina and Ostoji{\'c}, Sa{\v{s}}a and Kapovi{\'c}, Miljenko and Peterlin, Borut},
  journal={Fertility and sterility},
  volume={107},
  number={1},
  pages={150--159},
  year={2017},
  publisher={Elsevier}
}
@article{qiao2016whole,
  title={Whole exome sequencing in recurrent early pregnancy loss},
  author={Qiao, Ying and Wen, Jiadi and Tang, Flamingo and Martell, Sally and Shomer, Naomi and Leung, Peter CK and Stephenson, Mary D and Rajcan-Separovic, Evica},
  journal={Mhr: Basic science of reproductive medicine},
  volume={22},
  number={5},
  pages={364--372},
  year={2016},
  publisher={Oxford University Press}
}
@article{rull2012genetics,
  title={Genetics of recurrent miscarriage: challenges, current knowledge, future directions},
  author={Rull, Kristiina and Nagirnaja, Liina and Laan, Maris},
  journal={Frontiers in genetics},
  volume={3},
  pages={34},
  year={2012},
  publisher={Frontiers}
}
@article{colley2019potential,
  title={Potential genetic causes of miscarriage in euploid pregnancies: A systematic review},
  author={Colley, Emily and Hamilton, Susan and Smith, Paul and Morgan, Neil V and Coomarasamy, Arri and Allen, Stephanie},
  journal={Human reproduction update},
  volume={25},
  number={4},
  pages={452--472},
  year={2019},
  publisher={Oxford University Press}
}
@article{quintero2017novel,
  title={Novel genes and mutations in patients affected by recurrent pregnancy loss},
  author={Quintero-Ronderos, Paula and Mercier, Eric and Fukuda, Michiko and Gonz{\'a}lez, Ronald and Su{\'a}rez, Carlos Fernando and Patarroyo, Manuel Alfonso and Vaiman, Daniel and Gris, Jean-Christophe and Laissue, Paul},
  journal={PloS one},
  volume={12},
  number={10},
  year={2017},
  publisher={Public Library of Science}
}