@vg{vg,
  title = {vg},
  year = {2016},
  publisher = {GitHub},
  journal = {GitHub repository},
  howpublished = {https://github.com/vgteam/vg}},
}

@book{brooker2014principles,
  title={Principles of Biology},
  author={Brooker, Robert},
  year={2014},
  publisher={McGraw-Hill Higher Education}
}

@article{barbujani2010human,
  title={Human genome diversity: frequently asked questions},
  author={Barbujani, Guido and Colonna, Vincenza},
  journal={Trends in Genetics},
  volume={26},
  number={7},
  pages={285--295},
  year={2010},
  publisher={Elsevier}
}

@article{rambaut1997seq,
  title={Seq-Gen: an application for the Monte Carlo simulation of DNA sequence evolution along phylogenetic trees},
  author={Rambaut, Andrew and Grass, Nicholas C},
  journal={Bioinformatics},
  volume={13},
  number={3},
  pages={235--238},
  year={1997},
  publisher={Oxford University Press}
}

@article{hudson2004ms,
  title={ms a program for generating samples under neutral models},
  author={Hudson, Richard R},
  year={2004}
}

@article{korf1985depth,
  title={Depth-first iterative-deepening: An optimal admissible tree search},
  author={Korf, Richard E},
  journal={Artificial intelligence},
  volume={27},
  number={1},
  pages={97--109},
  year={1985},
  publisher={Elsevier}
}
